@article{Hassler1932,
  title={Congruent Graphs and the Connectivity of Graphs},
  author={Whitney, Hassler},
  journal={American Journal of Mathematics},
  volume={54},
  number={1},
  pages={150--168},
  year={1932},
  publisher={JSTOR}
}

@article{ST94,
  title={Call routing and the ratcatcher},
  author={Seymour, Paul D. and Thomas, Robin},
  journal={Combinatorica},
  volume={14},
  number={2},
  pages={217--241},
  year={1994},
  publisher={Springer}
}

@article{GT08,
  title={Optimal branch-decomposition of planar graphs in {$O(n^3)$} time},
  author={Gu, Qian-Ping and Tamaki, Hisao},
  journal={ACM Transactions on Algorithms (TALG)},
  volume={4},
  number={3},
  pages={30},
  year={2008},
  publisher={ACM}
}

@article{BMT15,
  title={Tensor network contractions for \#{SAT}},
  author={Biamonte, Jacob D and Morton, Jason and Turner, Jacob},
  journal={Journal of Statistical Physics},
  volume={160},
  number={5},
  pages={1389--1404},
  year={2015},
  publisher={Springer}
}

@article{Valiant79,
  title={The complexity of enumeration and reliability problems},
  author={Valiant, Leslie G.},
  journal={SICOMP},
  volume={8},
  number={3},
  pages={410--421},
  year={1979},
  publisher={SIAM}
}

@article{KCMR18,
   title={Fast counting with tensor networks},
   volume={7},
   ISSN={2542-4653},
   DOI={10.21468/scipostphys.7.5.060},
   number={5},
   journal={SciPost Physics},
   publisher={Stichting SciPost},
   author={Kourtis, Stefanos and Chamon, Claudio and Mucciolo, Eduardo and Ruckenstein, Andrei},
   year={2019},
   month={Nov}
}

@article{BB17,
  title={Tensor Networks in a Nutshell},
  author={Biamonte, Jacob and Bergholm, Ville},
  journal={arXiv preprint arXiv:1708.00006},
  year = {2017}
}

@book{AB09,
author = {S. Arora and B. Barak},
title = {Computational Complexity: A Modern Approach},
year = {2009},
publisher = {Cambridge Univ.~Press}
}

@inproceedings{SBK05,
  title={Heuristics for fast exact model counting},
  author={Sang, Tian and Beame, Paul and Kautz, Henry},
  booktitle={Proc. of SAT},
  pages={226--240},
  year={2005}
}

@inproceedings{Thurley2006,
  author = {Thurley, Marc},
  title = {{SharpSAT}: counting models with advanced component caching and implicit {BCP}},
  booktitle = {Proc. of SAT},
  pages={424--429},
  year = {2006}
} 

@inproceedings{OD15,
  title={A Top-Down Compiler for Sentential Decision Diagrams.},
  author={Oztok, Umut and Darwiche, Adnan},
  booktitle={Proc. of IJCAI},
  pages={3141--3148},
  year={2015}
}

@inproceedings{MPPV04,
  title={Projection pushing revisited},
  author={McMahan, Benjamin J and Pan, Guoqiang and Porter, Patrick and Vardi, Moshe Y},
  booktitle={Proc. of EDBT},
  pages={441--458},
  year={2004}
}

@article{PHV14,
  title={Faster identification of optimal contraction sequences for tensor networks},
  author={Pfeifer, Robert and Haegeman, Jutho and Verstraete, Frank},
  journal={Physical Review E},
  volume={90},
  number={3},
  pages={033315},
  year={2014},
  publisher={APS}
}

@inproceedings{Tamaki17,
  title={Positive-instance driven dynamic programming for treewidth},
  author={Tamaki, Hisao},
  booktitle={Proc. of ESA},
  pages={68:1--68:13},
  year={2017}
}

@article{HS18,
  title={Graph Bisection with Pareto Optimization},
  author={Hamann, Michael and Strasser, Ben},
  journal={Journal of Experimental Algorithmics (JEA)},
  volume={23},
  number={1},
  pages={1--2},
  year={2018},
  publisher={ACM}
}


@inproceedings{Bacchus2003,
 author = {Bacchus, F. and Dalmao, S. and Pitassi, T.},
 title = {Algorithms and Complexity Results for \#{SAT} and {B}ayesian Inference},
 booktitle = {Proc. of FOCS},
 year = {2003},
 isbn = {0-7695-2040-5},
 pages = {340--351},
 acmid = {946291},
}

@article{DH07,
  title={Probabilistic planning via heuristic forward search and weighted model counting},
  author={Domshlak, Carmel and Hoffmann, J{\"o}rg},
  journal={Journal of Artificial Intelligence Research},
  volume={30},
  number={1},
  pages={565--620},
  year={2007},
}


@incollection{GSS08,
  title = {Model Counting},
  author = {Carla P Gomes and Ashish Sabharwal and Bart Selman},
  year = {2009},
  pages = {633-654},
  booktitle = {Handbook of Satisfiability},
  publisher = {IOS Press},
  isbn = {978-1-58603-929-5},
}

@article{Cichocki14,
  title={Era of big data processing: A new approach via tensor networks and tensor decompositions},
  author={Cichocki, Andrzej},
  journal={arXiv preprint arXiv:1403.2048},
  year={2014}
}

@article{Orus14,
  title={A practical introduction to tensor networks: Matrix product states and projected entangled pair states},
  author={Or{\'u}s, Rom{\'a}n},
  journal={Annals of Physics},
  volume={349},
  pages={117--158},
  year={2014},
  publisher={Elsevier}
}

@inproceedings{SRCHCTSF17,
  title={Towards compositional and generative tensor optimizations},
  author={Susungi, Adilla and Rink, Norman A and Castrill{\'o}n, Jer{\'o}nimo and Huismann, Immo and Cohen, Albert and Tadonki, Claude and Stiller, J{\"o}rg and Fr{\"o}hlich, Jochen},
  booktitle={Proc. of GPCE},
  year={2017}
}

@inproceedings{DKTW18,
  title={The {PACE} 2017 parameterized algorithms and computational experiments challenge: The second iteration},
  author={Dell, Holger and Komusiewicz, Christian and Talmon, Nimrod and Weller, Mathias},
  booktitle={Proc. of IPEC},
  pages ={30:1--30:12},
  year={2017}
}

@phdthesis{Dinh2008,
  title={Exploring Algorithms for Branch Decompositions of Planar Graphs},
  author={Dinh, Hiep},
  year={2008},
  school={Ohio University}
}

@incollection{GLST17,
  title={Structural Decomposition Methods: Key Notions and Database Applications},
  author={Greco, Gianluigi and Leone, Nicola and Scarcello, Francesco and Terracina, Giorgio},
  booktitle={A Comprehensive Guide Through the Italian Database Research Over the Last 25 Years},
  pages={253--267},
  year={2017},
  publisher={Springer}
}

% METIS
@article{KK98,
  title={A fast and high quality multilevel scheme for partitioning irregular graphs},
  author={Karypis, George and Kumar, Vipin},
  journal={SIAM Journal on scientific Computing},
  volume={20},
  number={1},
  pages={359--392},
  year={1998},
  publisher={SIAM}
}

@inproceedings{DKV02,
  title={Constraint satisfaction, bounded treewidth, and finite-variable logics},
  author={Dalmau, V{\'\i}ctor and Kolaitis, Phokion G and Vardi, Moshe Y},
  booktitle={Proc. of CP},
  pages={310--326},
  year={2002}
}

@inproceedings{CV93,
  title={Optimization of real conjunctive queries},
  author={Chaudhuri, Surajit and Vardi, Moshe Y},
  booktitle={Proc. of PODS},
  pages={59--70},
  year={1993}
}

@inproceedings{CP87,
  title={The theory of probabilistic databases.},
  author={Cavallo, Roger and Pittarelli, Michael},
  booktitle={Proc. of VLDB},
  year={1987},
  pages={1--4}
}

@article{EP14,
  title={Improving the efficiency of variational tensor network algorithms},
  author={Evenbly, Glen and Pfeifer, Robert NC},
  journal={Physical Review B},
  volume={89},
  number={24},
  pages={245118},
  year={2014},
  publisher={APS}
}

@article{Hirata03,
  title={Tensor contraction engine: Abstraction and automated parallel implementation of configuration-interaction, coupled-cluster, and many-body perturbation theories},
  author={Hirata, So},
  journal={The Journal of Physical Chemistry A},
  volume={107},
  number={46},
  pages={9887--9897},
  year={2003},
  publisher={ACS Publications}
}

@inproceedings{KHC15,
  title={Uni10: An open-source library for tensor network algorithms},
  author={Kao, Ying-Jer and Hsieh, Yun-Da and Chen, Pochung},
  booktitle={Journal of Physics: Conference Series},
  volume={640},
  number={1},
  pages={012040},
  year={2015},
  organization={IOP Publishing}
}

@article{MS08,
  title={Simulating quantum computation by contracting tensor networks},
  author={Markov, Igor L and Shi, Yaoyun},
  journal={SIAM Journal on Computing},
  volume={38},
  number={3},
  pages={963--981},
  year={2008},
  publisher={SIAM}
}

@inproceedings{VL05,
  title={Efficient and simple generation of random simple connected graphs with prescribed degree sequence},
  author={Viger, Fabien and Latapy, Matthieu},
  booktitle={Proc. of COCOON},
  pages={440--449},
  year={2005}
}

@article{Grasedyck10,
  title={Hierarchical singular value decomposition of tensors},
  author={Grasedyck, Lars},
  journal={SIAM Journal on Matrix Analysis and Applications},
  volume={31},
  number={4},
  pages={2029--2054},
  year={2010},
  publisher={SIAM}
}

@article{RS91,
  title={Graph minors. X. Obstructions to tree-decomposition},
  author={Robertson, Neil and Seymour, Paul D},
  journal={Journal of Combinatorial Theory, Series B},
  volume={52},
  number={2},
  pages={153--190},
  year={1991},
  publisher={Academic Press}
}

@article{BGZ16,
  title={Practical algorithms for branch-decompositions of planar graphs},
  author={Bian, Zhengbing and Gu, Qian-Ping and Zhu, Mingzhe},
  journal={Discrete Applied Mathematics},
  volume={199},
  pages={156--171},
  year={2016}
}

@article{DLVR18,
  title={Quantum-inspired Boolean states for bounding engineering network reliability assessment},
  author={Due{\~n}as-Osorio, Leonardo and Vardi, Moshe and Rojo, Javier},
  journal={Structural Safety},
  volume={75},
  pages={110--118},
  year={2018},
  publisher={Elsevier}
}

@article{Ying17,
  title={Tensor network skeletonization},
  author={Ying, Lexing},
  journal={Multiscale Modeling \& Simulation},
  volume={15},
  number={4},
  pages={1423--1447},
  year={2017},
  publisher={SIAM}
}

@inproceedings{FHWZ18,
  title={Weighted Model Counting on the {GPU} by Exploiting Small Treewidth},
  author={Fichte, Johannes K and Hecher, Markus and Woltran, Stefan and Zisser, Markus},
  booktitle={Proc. of ESA},
  year={2018},
  pages = {28:1--28:16},
}

@inproceedings{SG88,
  title={Optimization of large join queries},
  author={Swami, Arun and Gupta, Anoop},
  booktitle={Proc. of SIGMOD},
  year={1988},
  pages = {8--17}
}

@article{DFGHSW18,
  title={Benchmarking treewidth as a practical component of tensor network simulations},
  author={Dumitrescu, Eugene F and Fisher, Allison L and Goodrich, Timothy D and Humble, Travis S and Sullivan, Blair D and Wright, Andrew L},
  journal={PloS one},
  volume={13},
  number={12},
  year={2018},
  publisher={Public Library of Science}
}

@inproceedings{AMW17,
  title={htd- a free, open-source framework for (customized) tree decompositions and beyond},
  author={Abseher, Michael and Musliu, Nysret and Woltran, Stefan},
  booktitle={Proc. of CPAIOR},
  year={2017},
  pages={376--386}
}

@inproceedings{LM17,
  title={An improved decision-{DNNF} compiler},
  author={Lagniez, Jean-Marie and Marquis, Pierre},
  booktitle={Proc. of IJCAI},
  year={2017},
  pages={667--673}
}

@article{BCJ11,
  title={Categorical tensor network states},
  author={Biamonte, Jacob D and Clark, Stephen R and Jaksch, Dieter},
  journal={AIP Advances},
  volume={1},
  number={4},
  pages={042172},
  year={2011},
  publisher={AIP}
}
@Misc{CDLL18,
author =   {Caridroit, Thomas and Delorme, Fabien and Lagniez, Jean-Marie and Lonca, Emmanuel},
title =    {The d-{DNNF} reasoner},
howpublished = {\url{http://www.cril.univ-artois.fr/kc/d-DNNF-reasoner.html}},
year = {2018}
}

@mastersthesis{sasak10,
  title={Comparing 17 graph parameters},
  author={Sasak, Robert},
  year={2010},
  school={The University of Bergen}
}

@article{SS10,
  title={Algorithms for propositional model counting},
  author={Samer, Marko and Szeider, Stefan},
  journal={Journal of Discrete Algorithms},
  volume={8},
  number={1},
  pages={50--64},
  year={2010}
}

@article{KFL01,
  title={Factor graphs and the sum-product algorithm},
  author={Kschischang, Frank R and Frey, Brendan J and Loeliger, Hans-Andrea},
  journal={IEEE Transactions on information theory},
  volume={47},
  number={2},
  pages={498--519},
  year={2001}
}

@inproceedings{CW16,
  title={Dynamic Programming-based QBF Solving.},
  author={Charwat, G{\"u}nther and Woltran, Stefan},
  booktitle={Proc. of SAT},
  pages={27--40},
  year={2016}
}

@inproceedings{FHMW17,
  title={Answer set solving with bounded treewidth revisited},
  author={Fichte, Johannes K and Hecher, Markus and Morak, Michael and Woltran, Stefan},
  booktitle={Proc. of LPNMR},
  pages={132--145},
  year={2017},
  organization={Springer}
}

@article{LHKK77,
  title={Basic linear algebra subprograms for Fortran usage},
  author={Lawson, Chuck L and Hanson, Richard J. and Kincaid, David R and Krogh, Fred T.},
  year={1977},
  journal={ACM Transactions on Mathematical Software}
}

@article{dechter99,
  title={Bucket elimination: A unifying framework for reasoning},
  author={Dechter, Rina},
  journal={Artificial Intelligence},
  volume={113},
  number={1-2},
  pages={41--85},
  year={1999},
  publisher={Elsevier}
}

@inproceedings{LLM16,
  title={Improving Model Counting by Leveraging Definability.},
  author={Lagniez, Jean-Marie and Lonca, Emmanuel and Marquis, Pierre},
  booktitle={Proc. of IJCAI},
  pages={751--757},
  year={2016}
}

@inproceedings{LM14,
  title={Preprocessing for propositional model counting},
  author={Lagniez, Jean-Marie and Marquis, Pierre},
  booktitle={Proc. of AAAI},
  year={2014},
  pages={2688--2694}
}

@article{arnborg85,
  title={Efficient algorithms for combinatorial problems on graphs with bounded decomposability—A survey},
  author={Arnborg, Stefan},
  journal={BIT Numerical Mathematics},
  volume={25},
  number={1},
  pages={1--23},
  year={1985},
  publisher={Springer}
}

@article{KDLD05,
  title={Unifying tree decompositions for reasoning in graphical models},
  author={Kask, Kalev and Dechter, Rina and Larrosa, Javier and Dechter, Avi},
  journal={Artificial Intelligence},
  volume={166},
  number={1-2},
  pages={165--193},
  year={2005},
  publisher={Elsevier}
}

@article{VZTGDMVAC18,
  title={Tensor comprehensions: Framework-agnostic high-performance machine learning abstractions},
  author={Vasilache, Nicolas and Zinenko, Oleksandr and Theodoridis, Theodoros and Goyal, Priya and DeVito, Zachary and Moses, William S and Verdoolaege, Sven and Adams, Andrew and Cohen, Albert},
  journal={arXiv preprint arXiv:1802.04730},
  year={2018}
}

@article{BK07,
  title={Efficient MATLAB computations with sparse and factored tensors},
  author={Bader, Brett W and Kolda, Tamara G},
  journal={SIAM Journal on Scientific Computing},
  volume={30},
  number={1},
  pages={205--231},
  year={2007},
  publisher={SIAM}
}

@article{KKCLA17,
  author = {Kjolstad, Fredrik and Kamil, Shoaib and Chou, Stephen and Lugato, David and Amarasinghe, Saman},
  title = {The Tensor Algebra Compiler},
  journal = {Proc. of PACMPL},
  year = {2017},
  pages={77}
}

@inproceedings{KSTKPPRS19,
  title={A code generator for high-performance tensor contractions on GPUs},
  author={Kim, Jinsung and Sukumaran-Rajam, Aravind and Thumma, Vineeth and Krishnamoorthy, Sriram and Panyala, Ajay and Pouchet, Louis-No{\"e}l and Rountev, Atanas and Sadayappan, P},
  booktitle={Proc. of CGO},
  pages={85--95},
  year={2019},
  organization={IEEE Press}
}

@inproceedings{NRBHHJN15,
  title={Generating efficient tensor contractions for gpus},
  author={Nelson, Thomas and Rivera, Axel and Balaprakash, Prasanna and Hall, Mary and Hovland, Paul D and Jessup, Elizabeth and Norris, Boyana},
  booktitle={Proc. of ICPP},
  pages={969--978},
  year={2015},
  organization={IEEE}
}

@article{RS17,
  title={Duality of graphical models and tensor networks},
  author={Robeva, Elina and Seigal, Anna},
  journal={arXiv preprint arXiv:1710.01437},
  year={2017}
}

@article{CCXWX18,
  title={Equivalence of restricted Boltzmann machines and tensor network states},
  author={Chen, Jing and Cheng, Song and Xie, Haidong and Wang, Lei and Xiang, Tao},
  journal={Physical Review B},
  volume={97},
  number={8},
  pages={085104},
  year={2018},
  publisher={APS}
}

@inproceedings{FSH04,
  title={Understanding the efficiency of GPU algorithms for matrix-matrix multiplication},
  author={Fatahalian, Kayvon and Sugerman, Jeremy and Hanrahan, Pat},
  booktitle={Proc. of EUROGRAPHICS},
  pages={133--137},
  year={2004},
  organization={ACM}
}

@inproceedings{KNR16,
  title={{FAQ}: questions asked frequently},
  author={Abo Khamis, Mahmoud and Ngo, Hung Q and Rudra, Atri},
  booktitle={Proc. of PODS},
  pages={13--28},
  year={2016},
  organization={ACM}
}

@book{dechter03,
  title={Constraint processing},
  author={Dechter, Rina},
  year={2003},
  publisher={Morgan Kaufmann}
}

@article{FMR08,
  title={Counting truth assignments of formulas of bounded tree-width or clique-width},
  author={Fischer, Eldar and Makowsky, Johann A and Ravve, Elena V},
  journal={Discrete Applied Mathematics},
  volume={156},
  number={4},
  pages={511--529},
  year={2008},
  publisher={Elsevier}
}

@article{SS10_2,
  title={Constraint satisfaction with bounded treewidth revisited},
  author={Samer, Marko and Szeider, Stefan},
  journal={Journal of Computer and System Sciences},
  volume={76},
  number={2},
  pages={103--114},
  year={2010},
  publisher={Elsevier}
}


@article{RTPCTSL19,
  title={Lecture Notes of Tensor Network Contractions},
  author={Ran, Shi-Ju and Tirrito, Emanuele and Peng, Cheng and Chen, Xi and Tagliacozzo, Luca and Su, Gang and Lewenstein, Maciej},
  journal={arXiv preprint arXiv:1708.09213},
  year={2019}
}

@article{ACDJPS07,
  title={Communication tree problems},
  author={{\`A}lvarez, Carme and Cases, Rafel and D{\'\i}az, Josep and Petit, Jordi and Serna, Maria},
  journal={Theoretical computer science},
  volume={381},
  number={1-3},
  pages={197--217},
  year={2007},
  publisher={Elsevier}
}

@article{HW18,
  title={The treewidth of line graphs},
  author={Harvey, Daniel J and Wood, David R},
  journal={Journal of Combinatorial Theory, Series B},
  volume={132},
  pages={157--179},
  year={2018},
  publisher={Elsevier}
}

@article{oliveira18,
  title={Size-treewidth tradeoffs for circuits computing the element distinctness function},
  author={de Oliveira Oliveira, Mateus},
  journal={Theory of Computing Systems},
  volume={62},
  number={1},
  pages={136--161},
  year={2018},
  publisher={Springer}
}

@article{MS11,
  title={Constant-degree graph expansions that preserve treewidth},
  author={Markov, Igor L and Shi, Yaoyun},
  journal={Algorithmica},
  volume={59},
  number={4},
  pages={461--470},
  year={2011},
  publisher={Springer}
}

@inproceedings{de15,
  title={On the satisfiability of quantum circuits of small treewidth},
  author={de Oliveira Oliveira, Mateus},
  booktitle={International Computer Science Symposium in Russia},
  pages={157--172},
  year={2015},
  organization={Springer}
}

@article{Orus19,
  title={Tensor networks for complex quantum systems},
  author={Or{\'u}s, Rom{\'a}n},
  journal={Nature Reviews Physics},
  volume={1},
  number={9},
  pages={538--550},
  year={2019},
  publisher={Nature Publishing Group}
}

@misc{numpy,
  title = {{NumPy}},
  key = {numpy},
  howpublished = {\url{http://www.numpy.org/}},
  note = {{Accessed}: 2019-12-02},
  year = {1995}
}

%%%%% 

@article{darwiche01,
  title={Recursive conditioning},
  author={Darwiche, Adnan},
  journal={Artificial Intelligence},
  volume={126},
  number={1-2},
  pages={5--41},
  year={2001},
  publisher={Elsevier}
}

@inproceedings{darwiche01b,
  title={Using recursive decomposition to construct elimination orders, jointrees, and dtrees},
  author={Darwiche, Adnan and Hopkins, Mark},
  booktitle={European Conference on Symbolic and Quantitative Approaches to Reasoning and Uncertainty},
  pages={180--191},
  year={2001},
  organization={Springer}
}

@article{shenoy97,
  title={Binary join trees for computing marginals in the Shenoy-Shafer architecture},
  author={Shenoy, Prakash P},
  journal={International Journal of approximate reasoning},
  volume={17},
  number={2-3},
  pages={239--263},
  year={1997},
  publisher={Elsevier}
}

@incollection{SS08,
  title={Axioms for probability and belief-function propagation},
  author={Shenoy, Prakash P and Shafer, Glenn},
  booktitle={Classic works of the dempster-shafer theory of belief functions},
  pages={499--528},
  year={2008},
  publisher={Springer}
}

@article{FWS20,
  title={The {ITensor} Software Library for tensor network calculations},
  author={Fishman, Matthew and White, Steven R and Stoudenmire, E Miles},
  journal={arXiv preprint arXiv:2007.14822},
  year={2020}
}

@article{BFGHMPS97,
  title={Algebric decision diagrams and their applications},
  author={Bahar, R Iris and Frohm, Erica A and Gaona, Charles M and Hachtel, Gary D and Macii, Enrico and Pardo, Abelardo and Somenzi, Fabio},
  journal={Formal methods in system design},
  volume={10},
  number={2-3},
  pages={171--206},
  year={1997},
  publisher={Springer}
}
